<record><leader>00000cas a2200000 a 4500</leader><controlfield tag="001">27481060</controlfield><controlfield tag="008">930222c19369999caudn ne      0    0eng c</controlfield><datafield ind1=" " ind2=" " tag="010"><subfield code="a">sn 93051952 </subfield></datafield><datafield ind1=" " ind2=" " tag="040"><subfield code="a">CUY</subfield><subfield code="b">eng</subfield><subfield code="c">CNK</subfield><subfield code="d">OCLCQ</subfield><subfield code="d">CNK</subfield><subfield code="d">OCLCQ</subfield><subfield code="d">OCLCF</subfield><subfield code="d">OCLCO</subfield></datafield><datafield ind1="1" ind2=" " tag="029"><subfield code="a">AU@</subfield><subfield code="b">000020736023</subfield></datafield><datafield ind1="1" ind2=" " tag="029"><subfield code="a">NZ1</subfield><subfield code="b">16072715</subfield></datafield><datafield ind1=" " ind2=" " tag="042"><subfield code="a">pcc</subfield></datafield><datafield ind1=" " ind2=" " tag="043"><subfield code="a">n-us-ca</subfield></datafield><datafield ind1="0" ind2=" " tag="130"><subfield code="a">Morning post (El Centro, Calif.)</subfield></datafield><datafield ind1="1" ind2="4" tag="245"><subfield code="a">The morning post.</subfield></datafield><datafield ind1="1" ind2=" " tag="246"><subfield code="i">Sunday issues published as:</subfield><subfield code="a">Post-press</subfield><subfield code="f">&lt;Aug. 23, 1936&gt;-Oct. 30, 1960</subfield></datafield><datafield ind1="1" ind2=" " tag="246"><subfield code="i">Sunday issues published as:</subfield><subfield code="a">Imperial Valley news-press</subfield><subfield code="f">Nov. 6, 1960-Feb. 26/27, 1967</subfield></datafield><datafield ind1="1" ind2=" " tag="246"><subfield code="i">Sunday issues published as:</subfield><subfield code="a">Imperial Valley press</subfield><subfield code="f">Mar. 4/5, 1967-Sept. 24, 1988; June 14, 1992-</subfield></datafield><datafield ind1="1" ind2=" " tag="246"><subfield code="i">Sunday issues published as:</subfield><subfield code="a">Imperial Valley press/Brawley news</subfield><subfield code="f">Oct. 2, 1988-June 7, 1992</subfield></datafield><datafield ind1="3" ind2=" " tag="246"><subfield code="a">Imperial Valley press the Brawley news</subfield></datafield><datafield ind1="3" ind2=" " tag="246"><subfield code="a">Imperial Valley press &amp; the Brawley news</subfield></datafield><datafield ind1="3" ind2=" " tag="246"><subfield code="a">Imperial Valley press and the Brawley news</subfield></datafield><datafield ind1=" " ind2=" " tag="260"><subfield code="a">El Centro, Calif. :</subfield><subfield code="b">Imperial Valley Pub. Co.</subfield></datafield><datafield ind1=" " ind2=" " tag="300"><subfield code="a">v.</subfield></datafield><datafield ind1=" " ind2=" " tag="310"><subfield code="a">Daily (except Mon.)</subfield></datafield><datafield ind1="1" ind2=" " tag="362"><subfield code="a">Began in Jan. 1936.</subfield></datafield><datafield ind1=" " ind2=" " tag="500"><subfield code="a">Published as combined Sat./Sun. ed., &lt;Jan. 6/7, 1962-Jan. 13/14, 1968&gt;</subfield></datafield><datafield ind1=" " ind2=" " tag="515"><subfield code="a">Daily and Sunday issues each have their own numbering.</subfield></datafield><datafield ind1=" " ind2=" " tag="588"><subfield code="a">Description based on: Vol. 19, no. 17 (Jan. 21, 1936).</subfield></datafield><datafield ind1=" " ind2="0" tag="651"><subfield code="a">El Centro (Calif.)</subfield><subfield code="v">Newspapers.</subfield></datafield><datafield ind1=" " ind2="7" tag="655"><subfield code="a">Newspapers.</subfield><subfield code="2">fast</subfield><subfield code="0">(OCoLC)fst01423814</subfield></datafield><datafield ind1=" " ind2="7" tag="651"><subfield code="a">California</subfield><subfield code="z">El Centro.</subfield><subfield code="2">fast</subfield><subfield code="0">(OCoLC)fst01207519</subfield></datafield><datafield ind1=" " ind2=" " tag="752"><subfield code="a">United States</subfield><subfield code="b">California</subfield><subfield code="c">Imperial</subfield><subfield code="d">El Centro.</subfield></datafield><datafield ind1="0" ind2=" " tag="775"><subfield code="t">Imperial Valley press</subfield><subfield code="w">(DLC)sn 92070146</subfield></datafield><datafield ind1="0" ind2="0" tag="780"><subfield code="t">Morning post and Valley farmer</subfield><subfield code="w">(DLC)sn 93051951</subfield></datafield></record>